<?xml version="1.0" encoding="UTF-8"?><record xmlns="http://www.loc.gov/MARC21/slim" xmlns:cinclude="http://apache.org/cocoon/include/1.0" xmlns:zs="http://www.loc.gov/zing/srw/">
  <leader>00854nz  a2200157n  4500</leader>
  <controlfield tag="001">n  91052743 </controlfield>
  <controlfield tag="003">DLC</controlfield>
  <controlfield tag="005">19910528124823.8</controlfield>
  <controlfield tag="008">910528n| acannaab|          |a ana |||  </controlfield>
  <datafield tag="010" ind1=" " ind2=" ">
    <subfield code="a">n  91052743 </subfield>
  </datafield>
  <datafield tag="040" ind1=" " ind2=" ">
    <subfield code="a">DLC</subfield>
    <subfield code="c">DLC</subfield>
  </datafield>
  <datafield tag="110" ind1="2" ind2="0">
    <subfield code="a">University of Illinois (Urbana-Champaign campus).</subfield>
    <subfield code="b">College of Journalism and Communications</subfield>
  </datafield>
  <datafield tag="510" ind1="2" ind2="0">
    <subfield code="w">a</subfield>
    <subfield code="a">University of Illinois (Urbana-Champaign campus).</subfield>
    <subfield code="b">School of Journalism and Communications</subfield>
  </datafield>
  <datafield tag="510" ind1="2" ind2="0">
    <subfield code="w">b</subfield>
    <subfield code="a">University of Illinois at Urbana-Champaign.</subfield>
    <subfield code="b">College of Journalism and Communications</subfield>
  </datafield>
  <datafield tag="670" ind1=" " ind2=" ">
    <subfield code="a">NUCMC data from Univ. of Ill. at Urbana-Champaign Archives for Hildwein, R.L. Papers, 1952-1985</subfield>
    <subfield code="b">(name not given)</subfield>
  </datafield>
  <datafield tag="670" ind1=" " ind2=" ">
    <subfield code="a">University of Illinois at Urbana-Champaign. Undergraduate study,</subfield>
    <subfield code="b">1967-1968 (the School of Journalism and Communications became the College of Journalism and Communications in 1957)</subfield>
  </datafield>
</record>